@article{W3198695584,
   incitefulid = "W3198695584",
   title = "Entering, Staying, Shifting, Leaving, and Sometimes Returning: A Descriptive Analysis of the Career Trajectories of Two Cohorts of Alternatively Certified Mathematics Teachers",
   url = "http://doi.org/https://doi.org/10.1177/01614681211051996",
   DOI = "https://doi.org/10.1177/01614681211051996",
   author = "Andrew Brantlinger",
   year = "2021",
   journal = "Teachers College Record",
   keyword = "inciteful.xyz"
}
@article{W2369623712,
   incitefulid = {W2369623712},
   title = {Interpreting Early Career Trajectories},
   url = {http://doi.org/https://doi.org/10.1177/0895904815625286},
   DOI = {https://doi.org/10.1177/0895904815625286},
   author = {Joan Barnatt and Dianna Gahlsdorf Terrell and Lisa Andries D'Souza and Cindy Jong and Marilyn Cochran-Smith and Kara Mitchell Viesca and Ann Marie Gleeson and Patrick J. McQuillan and Karen Shakman},
   year = {2016},
   journal = {Educational Policy},
   keyword = {inciteful.xyz}
}