@article{W3198695584,
   incitefulid = "W3198695584",
   title = "Entering, Staying, Shifting, Leaving, and Sometimes Returning: A Descriptive Analysis of the Career Trajectories of Two Cohorts of Alternatively Certified Mathematics Teachers",
   url = "http://doi.org/https://doi.org/10.1177/01614681211051996",
   DOI = "https://doi.org/10.1177/01614681211051996",
   author = "Andrew Brantlinger",
   year = "2021",
   journal = "Teachers College Record",
   keyword = "inciteful.xyz"
}
@article{W2369623712,
   incitefulid = {W2369623712},
   title = {Interpreting Early Career Trajectories},
   url = {http://doi.org/https://doi.org/10.1177/0895904815625286},
   DOI = {https://doi.org/10.1177/0895904815625286},
   author = {Joan Barnatt and Dianna Gahlsdorf Terrell and Lisa Andries D'Souza and Cindy Jong and Marilyn Cochran-Smith and Kara Mitchell Viesca and Ann Marie Gleeson and Patrick J. McQuillan and Karen Shakman},
   year = {2016},
   journal = {Educational Policy},
   keyword = {inciteful.xyz}
}
@article{W2096988536,
   incitefulid = {W2096988536}
   title = {Constrained Job Matching: Does Teacher Job Search Harm Disadvantaged Urban Schools?}
   url = {http://doi.org/https://doi.org/10.3386/w15816}
   DOI = {https://doi.org/10.3386/w15816}
   author = {Eric A. Hanushek and Steven G. Rivkin}
   year = {2010}
   keyword = {inciteful.xyz}
}
@article{W4384522350,
   incitefulid = {W4384522350}
   title = {Mind the gap: Early-career teachers’ level of preparedness, professional development, working conditions, and feelings of distress}
   url = {http://doi.org/https://doi.org/10.1007/s11218-023-09819-6}
   DOI = {https://doi.org/10.1007/s11218-023-09819-6}
   author = {Wilfried Admiraal and Karl-Ingar Kittelsen Røberg and Jannecke Wiers-Jenssen and Nadira Saab}
   year = {2023}
   journal = {Social Psychology of Education}
   keyword = {inciteful.xyz}
}
@article{W2149979467,
   incitefulid = {W2149979467}
   title = {The dynamics of teacher quality}
   url = {http://doi.org/https://doi.org/10.1016/j.jpubeco.2013.01.006}
   DOI = {https://doi.org/10.1016/j.jpubeco.2013.01.006}
   author = {Matthew Wiswall}
   year = {2013}
   journal = {Journal of Public Economics}
   keyword = {inciteful.xyz}
}
@article{W2000541029,
   incitefulid = {W2000541029}
   title = {Explaining the Short Careers of High-Achieving Teachers in Schools with Low-Performing Students}
   url = {http://doi.org/https://doi.org/10.1257/000282805774669628}
   DOI = {https://doi.org/10.1257/000282805774669628}
   author = {Donald Boyd and Hamilton Lankford and Susanna Loeb and James Wyckoff}
   year = {2005}
   journal = {The American Economic Review}
   keyword = {inciteful.xyz}
}
@article{W2901603420,
   incitefulid = {W2901603420}
   title = {Are Better Teachers More Likely To Move? Examining Teacher Mobility In Rural China}
   url = {http://doi.org/https://doi.org/10.1007/s40299-018-0423-0}
   DOI = {https://doi.org/10.1007/s40299-018-0423-0}
   author = {Yi Wei and Sen Zhou}
   year = {2018}
   journal = {Asia-pacific Education Researcher}
   keyword = {inciteful.xyz}
}
@article{W4319782041,
   incitefulid = {W4319782041}
   title = {Teachers’ job demands, resources and their job satisfaction: Satisfaction with school, career choice and teaching profession of teachers in different career stages}
   url = {http://doi.org/https://doi.org/10.1016/j.tate.2023.104063}
   DOI = {https://doi.org/10.1016/j.tate.2023.104063}
   author = {Wilfried Admiraal and Karl-Ingar Kittelsen Røberg}
   year = {2023}
   journal = {Teaching and Teacher Education}
   keyword = {inciteful.xyz}
}
@article{W3216439603,
   incitefulid = {W3216439603}
   title = {Being pushed out of the career: Former teachers' reasons for leaving the profession}
   url = {http://doi.org/https://doi.org/10.1016/j.tate.2021.103540}
   DOI = {https://doi.org/10.1016/j.tate.2021.103540}
   author = {Ama Amitai and Mieke Van Houtte}
   year = {2022}
   journal = {Teaching and Teacher Education}
   keyword = {inciteful.xyz}
}
@article{W4367675376,
   incitefulid = {W4367675376}
   title = {It's tough to make predictions, especially about the future: The difference between teachers' intended and actual retention}
   url = {http://doi.org/https://doi.org/10.1016/j.tate.2023.104156}
   DOI = {https://doi.org/10.1016/j.tate.2023.104156}
   author = {Ashley Grant and Andrew Brantlinger}
   year = {2023}
   journal = {Teaching and Teacher Education}
   keyword = {inciteful.xyz}
}
@article{W3181997456,
   incitefulid = {W3181997456}
   title = {Front End to Back End: Teacher Preparation, Workforce Entry, and Attrition}
   url = {http://doi.org/https://doi.org/10.1177/00224871211030303}
   DOI = {https://doi.org/10.1177/00224871211030303}
   author = {Dan Goldhaber and John M. Krieg and Roddy Theobald and Marcelle Goggins}
   year = {2021}
   journal = {Journal of Teacher Education}
   keyword = {inciteful.xyz}
}
@article{W4210278867,
   incitefulid = {W4210278867}
   title = {Lost to the System? A Descriptive Exploration of Teacher Candidates’ Career Paths}
   url = {http://doi.org/https://doi.org/10.3102/0013189x221077042}
   DOI = {https://doi.org/10.3102/0013189x221077042}
   author = {Dan Goldhaber and John M. Krieg and Roddy Theobald and Stephanie Liddle}
   year = {2022}
   journal = {Educational Researcher}
   keyword = {inciteful.xyz}
}
@article{W3208429310,
   incitefulid = {W3208429310}
   title = {Patterns in critical incidents: Understanding teacher retention through career decision making}
   url = {http://doi.org/https://doi.org/10.1016/j.tate.2021.103557}
   DOI = {https://doi.org/10.1016/j.tate.2021.103557}
   author = {Christopher Hurst and Andrew Brantlinger}
   year = {2022}
   journal = {Teaching and Teacher Education}
   keyword = {inciteful.xyz}
}
@article{W4384406814,
   incitefulid = {W4384406814}
   title = {From Interest to Entry: The Teacher Pipeline From College Application to Initial Employment}
   url = {http://doi.org/https://doi.org/10.3102/00028312231185733}
   DOI = {https://doi.org/10.3102/00028312231185733}
   author = {Brendan Bartanen and Andrew Kwok}
   year = {2023}
   journal = {American Educational Research Journal}
   keyword = {inciteful.xyz}
}
@article{W1543282616,
   incitefulid = {W1543282616}
   title = {Teacher career paths, teacher quality, and persistence in the classroom: Are public schools keeping their best?}
   url = {http://doi.org/https://doi.org/10.1002/pam.20549}
   DOI = {https://doi.org/10.1002/pam.20549}
   author = {Dan Goldhaber and Betheny Gross and Daniel Player}
   year = {2010}
   journal = {Journal of Policy Analysis and Management}
   keyword = {inciteful.xyz}
}
@article{W4318483928,
   incitefulid = {W4318483928}
   title = {What motivates rural teachers to retain? A study on Chinese rural teachers' turnover from grounded theory and FsQCA}
   url = {http://doi.org/https://doi.org/10.3389/fpsyg.2022.998422}
   DOI = {https://doi.org/10.3389/fpsyg.2022.998422}
   author = {Cheng Chen and Yanjie Diao and Xing Ding}
   year = {2023}
   journal = {Frontiers in Psychology}
   keyword = {inciteful.xyz}
}
@article{W4213195125,
   incitefulid = {W4213195125}
   title = {Teacher Mobility: What Is It, How Is It Measured and What Factors Determine It? A Scoping Review}
   url = {http://doi.org/https://doi.org/10.3390/ijerph19042313}
   DOI = {https://doi.org/10.3390/ijerph19042313}
   author = {Claudia Palma-Vasquez and Diego Carrasco and Mónica Tapia Ladino}
   year = {2022}
   journal = {International Journal of Environmental Research and Public Health}
   keyword = {inciteful.xyz}
}
@article{W1985857938,
   incitefulid = {W1985857938}
   title = {The Impact of Preservice Preparation and Early Career Support on Novice Teachers’ Career Intentions and Decisions}
   url = {http://doi.org/https://doi.org/10.1177/0022487113488945}
   DOI = {https://doi.org/10.1177/0022487113488945}
   author = {Karen J. DeAngelis and Andrew Wall and Jing Che}
   year = {2013}
   journal = {Journal of Teacher Education}
   keyword = {inciteful.xyz}
}
@article{W3177550063,
   incitefulid = {W3177550063}
   title = {Early career teacher retention intention: Individual, school and country characteristics}
   url = {http://doi.org/https://doi.org/10.1016/j.tate.2021.103427}
   DOI = {https://doi.org/10.1016/j.tate.2021.103427}
   author = {Laura Van den Borre and Bram Spruyt and Filip Van Droogenbroeck}
   year = {2021}
   journal = {Teaching and Teacher Education}
   keyword = {inciteful.xyz}
}
@article{W3172651404,
   incitefulid = {W3172651404}
   title = {Former Teachers: Exits and Re-Entries}
   url = {http://doi.org/https://doi.org/10.1177/08959048211019972}
   DOI = {https://doi.org/10.1177/08959048211019972}
   author = {Mahmoud Elsayed and Christine H. Roch}
   year = {2021}
   journal = {Educational Policy}
   keyword = {inciteful.xyz}
}
@article{W2161846008,
   incitefulid = {W2161846008}
   title = {Understanding Employee Turnover in the Public Sector: Insights from Research on Teacher Mobility}
   url = {http://doi.org/https://doi.org/10.1111/puar.12435}
   DOI = {https://doi.org/10.1111/puar.12435}
   author = {Jason A. Grissom and Samantha Viano and Jennifer L. Selin}
   year = {2015}
   journal = {Public Administration Review}
   keyword = {inciteful.xyz}
}
@article{W4283329958,
   incitefulid = {W4283329958}
   title = {Be true to your school? Teachers’ turnover intentions: the role of socioeconomic composition, teachability perceptions, emotional exhaustion and teacher efficacy}
   url = {http://doi.org/https://doi.org/10.1080/02671522.2022.2089208}
   DOI = {https://doi.org/10.1080/02671522.2022.2089208}
   author = {Lennart Van Eycken and Ama Amitai and Mieke Van Houtte}
   year = {2022}
   journal = {Research papers in education}
   keyword = {inciteful.xyz}
}